<?xml version="1.0" encoding="UTF-8"?><collection xmlns="http://www.loc.gov/MARC21/slim"><record><leader>00583nam--2200229-u-4500</leader><controlfield tag="001">000050493</controlfield><controlfield tag="002">20161230</controlfield><controlfield tag="003">81888</controlfield><controlfield tag="005">20170305230936</controlfield><controlfield tag="008">070529s1000------------r-----000-0-eng-d</controlfield><datafield ind1=" " ind2=" " tag="020"><subfield code="a">0-201-11371-6</subfield></datafield><datafield ind1=" " ind2=" " tag="040"><subfield code="a">IFIN-HH</subfield></datafield><datafield ind1=" " ind2=" " tag="041"><subfield code="a">eng</subfield></datafield><datafield ind1="1" ind2=" " tag="100"><subfield code="a">Goldberg, Adele</subfield></datafield><datafield ind1="1" ind2="0" tag="245"><subfield code="a">Smalltalk-80. The Language and its Implementation</subfield></datafield><datafield ind1=" " ind2=" " tag="260"><subfield code="a">Massachusetts</subfield><subfield code="b">Addison-Wesley Publishig Company</subfield><subfield code="c">1983</subfield></datafield><datafield ind1=" " ind2=" " tag="300"><subfield code="a">714 p</subfield></datafield><datafield ind1=" " ind2=" " tag="500"><subfield code="a">Include Index</subfield></datafield><datafield ind1=" " ind2="4" tag="650"><subfield code="a">Computer system</subfield></datafield><datafield ind1=" " ind2=" " tag="700"><subfield code="a">Robson, David</subfield></datafield><datafield ind1=" " ind2=" " tag="852"><subfield code="a">81888</subfield></datafield><datafield ind1=" " ind2=" " tag="CAT"><subfield code="a">SYS</subfield><subfield code="c">20170305</subfield><subfield code="h">230936</subfield></datafield></record></collection>